<record><leader>00000cas a2200000 a 4500</leader><controlfield tag="001">12309998</controlfield><controlfield tag="008">850726d18741878iludn ne      0    0eng c</controlfield><datafield ind1=" " ind2=" " tag="010"><subfield code="a">sn 85038353 </subfield></datafield><datafield ind1=" " ind2=" " tag="040"><subfield code="a">NPY</subfield><subfield code="b">eng</subfield><subfield code="c">NPY</subfield><subfield code="d">YOX</subfield><subfield code="d">NVF</subfield><subfield code="d">OCLCQ</subfield><subfield code="d">NVF</subfield><subfield code="d">OCLCQ</subfield><subfield code="d">OCLCF</subfield><subfield code="d">OCLCO</subfield></datafield><datafield ind1=" " ind2=" " tag="042"><subfield code="a">pcc</subfield></datafield><datafield ind1=" " ind2=" " tag="043"><subfield code="a">n-us-il</subfield></datafield><datafield ind1="0" ind2=" " tag="130"><subfield code="a">Jacksonville journal (Jacksonville, Ill. : 1874)</subfield></datafield><datafield ind1="1" ind2="0" tag="245"><subfield code="a">Jacksonville journal.</subfield></datafield><datafield ind1=" " ind2=" " tag="260"><subfield code="a">Jacksonville, Ill. :</subfield><subfield code="b">Chapin &amp; Hobart,</subfield><subfield code="c">1874-1878.</subfield></datafield><datafield ind1=" " ind2=" " tag="300"><subfield code="a">v.</subfield></datafield><datafield ind1=" " ind2=" " tag="310"><subfield code="a">Daily (except Monday),</subfield><subfield code="b">June 20, 1874-&lt;Oct. 1, 1878&gt;</subfield></datafield><datafield ind1=" " ind2=" " tag="321"><subfield code="a">Daily (except Sunday),</subfield><subfield code="b">&lt;Apr. 11, 1874&gt;-June 19, 1874</subfield></datafield><datafield ind1="1" ind2=" " tag="362"><subfield code="a">Began in Apr. 1874; ceased in Oct. 1878.</subfield></datafield><datafield ind1=" " ind2=" " tag="580"><subfield code="a">Weekly ed.: Jacksonville journal (Jacksonville, Ill. : 1876).</subfield></datafield><datafield ind1=" " ind2=" " tag="588"><subfield code="a">Description based on: Vol. 9, no. 2 (Apr. 11, 1874).</subfield></datafield><datafield ind1=" " ind2=" " tag="588"><subfield code="a">Latest issue consulted: Oct. 1, 1878.</subfield></datafield><datafield ind1=" " ind2="0" tag="651"><subfield code="a">Jacksonville (Ill.)</subfield><subfield code="v">Newspapers.</subfield></datafield><datafield ind1=" " ind2="7" tag="655"><subfield code="a">Newspapers.</subfield><subfield code="2">fast</subfield><subfield code="0">(OCoLC)fst01423814</subfield></datafield><datafield ind1=" " ind2="7" tag="651"><subfield code="a">Illinois</subfield><subfield code="z">Jacksonville.</subfield><subfield code="2">fast</subfield><subfield code="0">(OCoLC)fst01214078</subfield></datafield><datafield ind1=" " ind2=" " tag="752"><subfield code="a">United States</subfield><subfield code="b">Illinois</subfield><subfield code="c">Morgan</subfield><subfield code="d">Jacksonville.</subfield></datafield><datafield ind1="1" ind2=" " tag="775"><subfield code="t">Jacksonville journal (Jacksonville, Ill. : 1876)</subfield><subfield code="w">(DLC)sn 91054677</subfield><subfield code="w">(OCoLC)91054677</subfield></datafield><datafield ind1="0" ind2="0" tag="780"><subfield code="t">Daily journal (Jacksonville, Ill. : 1869)</subfield><subfield code="w">(DLC)sn 91054681</subfield><subfield code="w">(OCoLC)24291755</subfield></datafield><datafield ind1="0" ind2="0" tag="785"><subfield code="t">Daily journal (Jacksonville, Ill. : 1878)</subfield><subfield code="w">(DLC)sn 91054682</subfield><subfield code="w">(OCoLC)24291897</subfield></datafield></record>